 @ONLINE {ReverseShell,
    author = "Mike Fettis",
    title  = "Reverse shell !?!",
    month  = "aug",
    year   = "2017",
    url    = "https://hackernoon.com/reverse-shell-cf154dfee6bd"
}
