@ONLINE {CointelegraphBitcoin,
    author = "Cointelegraph",
    title  = "¿Qué es criptomoneda? Guía para principiantes",
    url    = "https://es.cointelegraph.com/bitcoin-for-beginners/what-are-cryptocurrencies#futuro-de-las-criptomonedas"
}
@INBOOK {MasteringBlockchainBitcoin,
    author    = "Imran Bashir",
    title     = "Mastering Blockchain",
    chapter   = "4 - \emph{Bitcoin}",
    publisher = "Packt Publishing",
    year      = "2017",
    edition   = "primer edición",
    month     = "3"
}
@INBOOK {StallingsCryptography,
    author    = "Williams Stallings",
    title     = "Cryptography and Network Security",
    chapter   = "3 - \emph{Classical Encryption Techniques}",
    publisher = "Pearson",
    year      = "2017",
    edition   = "septima edición",
}
@INBOOK {StallingsPublicKeyPrinciples,
    author    = "Williams Stallings",
    title     = "Cryptography and Network Security",
    chapter   = "9.1 - \emph{Principles of Public-Key Cryptosystems}",
    publisher = "Pearson",
    year      = "2017",
    edition   = "septima edición",
}
@INBOOK {VanhouvtenBlockCiphers,
    author    = "Laurens Van Houtven",
    title     = "Crypto 101",
    chapter   = "6 - \emph{Block ciphers}",
    publisher = "Creative Commons",
    year      = "2013"
}
