@ONLINE {SODynamicPortForwarding,
    title = "Difference between “local port forwarding” and “dynamic port forwarding”?",
    month = "7",
    year  = "2015",
    url   = "https://unix.stackexchange.com/questions/213213/difference-between-local-port-forwarding-and-dynamic-port-forwarding?answertab=votes#tab-top"
}
@ONLINE {TOR,
    title = "What is Tor?",
    url   = "https://www.torproject.org/docs/faq.html.en#WhatIsTor"
}
@ONLINE {ProxyChainsHowTo,
    title = "ProxyChains HowTo",
    url   = "http://proxychains.sourceforge.net/howto.html"
}
