@ONLINE {FootprintingOpenCampus,
    author = "OpenCampus",
    title  = "What is Footprinting",
    url    = "https://www.greycampus.com/opencampus/ethical-hacking/what-is-footprinting"
}
@ONLINE {FootprintingCiberinformatico,
    author = "Victor Torres",
    title  = "Footprinting (Reconocimiento)",
    month  = "3",
    year   = "2012",
    url    = "http://ciberinfosystem.blogspot.com/2012/03/footprinting-reconocimiento.html"
}
@ONLINE {DNSEnumerationTools,
    author = "Nikos Danopoulos",
    title  = "DNS Enumeration Techniques in Linux",
    month  = "11",
    year   = "2016",
    url    = "https://resources.infosecinstitute.com/dns-enumeration-techniques-in-linux/"
}
@ONLINE {NetcraftRiskRatingFAQ,
    author = "Netcraft LTD",
    title  = "How does the Risk Rating work?",
    year   = "2018",
    url    = "https://toolbar.netcraft.com/help/faq/index.html#riskrating"
}
@ONLINE {OSFingerprinting,
    author = "Fernando Catoira",
    title  = "Pentesting: Fingerprinting para detectar sistema operativo",
    month  = "oct",
    year   = "2012",
    url    = "https://www.welivesecurity.com/la-es/2012/10/18/pentesting-fingerprinting-para-detectar-sistema-operativo/"
}
